<collection xmlns="http://www.loc.gov/MARC21/slim">
<record>
  <leader>02491nam0a22004331i 450 </leader>
  <controlfield tag="001">IT\ICCU\CNCE\024964</controlfield>
  <controlfield tag="005">20060912000000.0</controlfield>
  <datafield tag="012" ind1=" " ind2=" ">
    <subfield code="a">o-o- o-62 t.t. sute (3) 1568 (R)</subfield>
    <subfield code="2">fei</subfield>
  </datafield>
  <datafield tag="100" ind1=" " ind2=" ">
    <subfield code="a">19970918d1568        0itac0103    ba</subfield>
  </datafield>
  <datafield tag="101" ind1=" " ind2=" ">
    <subfield code="a">LAT</subfield>
  </datafield>
  <datafield tag="102" ind1=" " ind2=" ">
    <subfield code="a">IT</subfield>
  </datafield>
  <datafield tag="200" ind1="1" ind2=" ">
    <subfield code="a">Summula Raymundi, septem Sacramenta ecclesiastica ingenios ̈complectens. Commentariis, ac succulentis glossis, scientifici viri magistri  Ioannis Chappuis explanata atque enucleata. Supradictis haec adduntur. De furtis &amp; spoliis. De vsuris. De sacrilegijs. De simonia. De censuris ecclesiasticis. De sortilegijs. De sepulturis</subfield>
  </datafield>
  <datafield tag="210" ind1=" " ind2=" ">
    <subfield code="a">Venetiis</subfield>
    <subfield code="c">\Giacomo Simbeni!</subfield>
    <subfield code="c">apud Marcum Amadorum</subfield>
    <subfield code="d">1568</subfield>
    <subfield code="e">Venetiis</subfield>
    <subfield code="g">apud Iacobum Simbenum</subfield>
    <subfield code="h">1568</subfield>
  </datafield>
  <datafield tag="215" ind1=" " ind2=" ">
    <subfield code="a">\40!, 831, \1! p.</subfield>
    <subfield code="d">8ʻ</subfield>
  </datafield>
  <datafield tag="620" ind1=" " ind2=" ">
    <subfield code="a">IT</subfield>
    <subfield code="d">Venezia</subfield>
  </datafield>
  <datafield tag="700" ind1=" " ind2="0">
    <subfield code="a">Ramon</subfield>
    <subfield code="c"> : de#Penyafort</subfield>
    <subfield code="c"> &lt;santo&gt;</subfield>
    <subfield code="3">IT\ICCU\CNCA\012756</subfield>
  </datafield>
  <datafield tag="702" ind1=" " ind2="1">
    <subfield code="a">Chappuis,</subfield>
    <subfield code="b">Jean</subfield>
    <subfield code="3">IT\ICCU\CNCA\018303</subfield>
  </datafield>
  <datafield tag="712" ind1="0" ind2="0">
    <subfield code="a">Amadori, Marco</subfield>
    <subfield code="3">IT\ICCU\CNCT\001134</subfield>
    <subfield code="4">650</subfield>
  </datafield>
  <datafield tag="712" ind1="0" ind2="0">
    <subfield code="a">Simbeni, Giacomo</subfield>
    <subfield code="3">IT\ICCU\CNCT\001106</subfield>
    <subfield code="4">650</subfield>
  </datafield>
  <datafield tag="790" ind1=" " ind2="0">
    <subfield code="a">Raymundus</subfield>
    <subfield code="c"> : de#Pennaforte</subfield>
    <subfield code="c"> &lt;santo&gt;</subfield>
    <subfield code="3">IT\ICCU\CNCA\008865</subfield>
    <subfield code="z">Ramon : de#Penyafort &lt;santo&gt;</subfield>
  </datafield>
  <datafield tag="790" ind1=" " ind2="0">
    <subfield code="a">Raymond</subfield>
    <subfield code="c"> : de#Peąfort</subfield>
    <subfield code="c"> &lt;Saint&gt;</subfield>
    <subfield code="3">IT\ICCU\CNCA\023413</subfield>
    <subfield code="z">Ramon : de#Penyafort &lt;santo&gt;</subfield>
  </datafield>
  <datafield tag="790" ind1=" " ind2="0">
    <subfield code="a">Raymundus</subfield>
    <subfield code="c"> : a#Penia Fort</subfield>
    <subfield code="3">IT\ICCU\CNCA\023414</subfield>
    <subfield code="z">Ramon : de#Penyafort &lt;santo&gt;</subfield>
  </datafield>
  <datafield tag="790" ind1=" " ind2="1">
    <subfield code="a">Chappuys,</subfield>
    <subfield code="b">Jean</subfield>
    <subfield code="3">IT\ICCU\CNCA\018304</subfield>
    <subfield code="z">Chappuis, Jean</subfield>
  </datafield>
  <datafield tag="790" ind1=" " ind2="1">
    <subfield code="a">Chapuis,</subfield>
    <subfield code="b">Jean</subfield>
    <subfield code="3">IT\ICCU\CNCA\028078</subfield>
    <subfield code="z">Chappuis, Jean</subfield>
  </datafield>
  <datafield tag="791" ind1="0" ind2="0">
    <subfield code="a">Amadorus, Marcus</subfield>
    <subfield code="3">IT\ICCU\CNCT\004233</subfield>
    <subfield code="z">Amadori, Marco</subfield>
  </datafield>
  <datafield tag="791" ind1="0" ind2="0">
    <subfield code="a">Simbenus, Iacobus</subfield>
    <subfield code="3">IT\ICCU\CNCT\005668</subfield>
    <subfield code="z">Simbeni, Giacomo</subfield>
  </datafield>
  <datafield tag="791" ind1="0" ind2="0">
    <subfield code="a">Simbenius, Iacobus</subfield>
    <subfield code="3">IT\ICCU\CNCT\005669</subfield>
    <subfield code="z">Simbeni, Giacomo</subfield>
  </datafield>
  <datafield tag="791" ind1="0" ind2="0">
    <subfield code="a">Symbaenus, Iacobus</subfield>
    <subfield code="3">IT\ICCU\CNCT\005670</subfield>
    <subfield code="z">Simbeni, Giacomo</subfield>
  </datafield>
  <datafield tag="801" ind1=" " ind2="3">
    <subfield code="a">IT</subfield>
    <subfield code="b">ICCU</subfield>
    <subfield code="c">20201114</subfield>
  </datafield>
  <datafield tag="899" ind1=" " ind2=" ">
    <subfield code="a">Biblioteca civica. Fossano</subfield>
    <subfield code="1">CN0049</subfield>
    <subfield code="2">TO0 52</subfield>
  </datafield>
  <datafield tag="899" ind1=" " ind2=" ">
    <subfield code="a">Biblioteca vescovile. Fossano</subfield>
    <subfield code="1">CN0153</subfield>
    <subfield code="2">TO0 FW</subfield>
  </datafield>
  <datafield tag="899" ind1=" " ind2=" ">
    <subfield code="a">Biblioteca universitaria. Napoli</subfield>
    <subfield code="1">NA0070</subfield>
    <subfield code="2">NAP BU</subfield>
  </datafield>
  <datafield tag="899" ind1=" " ind2=" ">
    <subfield code="a">Biblioteca comunale Sperelliana. Gubbio</subfield>
    <subfield code="1">PG0049</subfield>
    <subfield code="2">UM1 11</subfield>
  </datafield>
  <datafield tag="899" ind1=" " ind2=" ">
    <subfield code="a">Biblioteca comunale Giuseppe Taroni. Bagnacavallo</subfield>
    <subfield code="1">RA0002</subfield>
    <subfield code="2">RAV BC</subfield>
  </datafield>
  <datafield tag="899" ind1=" " ind2=" ">
    <subfield code="a">Biblioteca Civica Giuseppe Cultrera. Leonessa</subfield>
    <subfield code="1">RI0070</subfield>
    <subfield code="2">RL1 S7</subfield>
  </datafield>
  <datafield tag="899" ind1=" " ind2=" ">
    <subfield code="a">Biblioteca comunale Paroniana. Rieti</subfield>
    <subfield code="1">RI0126</subfield>
    <subfield code="2">RMS B5</subfield>
  </datafield>
  <datafield tag="899" ind1=" " ind2=" ">
    <subfield code="a">Biblioteca nazionale centrale. Roma</subfield>
    <subfield code="1">RM0267</subfield>
    <subfield code="2">BVE CR</subfield>
  </datafield>
  <datafield tag="899" ind1=" " ind2=" ">
    <subfield code="a">Biblioteca dell&apos;Accademia Alfonsiana. Roma</subfield>
    <subfield code="1">RM0271</subfield>
    <subfield code="2">ZRM 03</subfield>
  </datafield>
  <datafield tag="899" ind1=" " ind2=" ">
    <subfield code="a">Biblioteca di area Giuridico Politologica dell&apos;Universit ̉di Siena. Siena</subfield>
    <subfield code="1">SI0104</subfield>
    <subfield code="2">RT1 QU</subfield>
  </datafield>
</record>
</collection>
